
@online{OWASP10,
    author = "The OWASP Foundation",
    title = "The ten most critical web application security risks",
    url  = "https://www.owasp.org/images/7/72/OWASP_Top_10-2017_%28en%29.pdf.pdf",
    addendum = "(accessed: 01.03.2019)",
    keywords = "OWASP,security"
}

@online{OWASPSCP,
    author = "The OWASP Foundation",
    title = "The Secure Coding Practices Quick Reference Guide Project",
    url  = "https://www.owasp.org/images/0/08/OWASP_SCP_Quick_Reference_Guide_v2.pdf",
    addendum = "(accessed: 01.03.2019)",
    keywords = "OWASP,SCP"
}

@online{creativeblog,
    author = "Creative Bloq Staff",
    title = "The 10 principles of mobile interface design",
    url  = "https://www.creativebloq.com/mobile/10-principles-mobile-interface-design-4122910",
    addendum = "(accessed: 01.03.2019)",
    keywords = "mobile,design"
}

@online{Gildred,
    author = "Gildred, J.",
    title = "Dropbox vs Google Drive: the Battle of the Titans",
    url  = "https://www.cloudwards.net/dropbox-vs-google-drive/#two",
    addendum = "(accessed: 13.02.2019)",
    keywords = "Dropbox,GoogleDrive"
}

@online{Branko,
    author = "Branko, V.",
    title = "One Drive Review",
    url  = "https://www.cloudwards.net/review/onedrive/",
    addendum = "(accessed: 14.02.2019)",
    keywords = "OneDrive"
}

@online{Piper,
    author = "Piper, S.",
    title = "Looking for security trouble spots in Go code",
    url  = "http://0xdabbad00.com/2015/04/12/looking_for_security_trouble_spots_in_go_code/",
    addendum = "(accessed: 11.03.2019)",
    keywords = "Go,security"
}

@online{Darius,
    author = "Darius, S.",
    title = "Security by Design Principles according to OWASP",
    url  = "https://blog.threatpress.com/security-design-principles-owasp/",
    addendum = "(accessed: 17.03.2019)",
    keywords = "ThreatPress"
}

@online{Sharma,
    author = "Sharma, A.",
    title = "Principles to adhere to while designing mobile appâ€™s UI",
    url  = "https://www.codementor.io/design/tutorial/mobile-app-ui-design-principles",
    addendum = "(accessed: 20.02.2019)",
    keywords = "mobile,design"
}

@online{Kennedy,
    author = "Kennedy, K.",
    title = "How to design a great user experience for desktop applications",
    url  = "https://docs.microsoft.com/en-us/windows/desktop/uxguide/how-to-design-desktop-ux",
    addendum = "(accessed: 02.03.2019)",
    keywords = "desktop,design"
}

@online{Protobuf,
    author = "Wen, T.",
    title = "Is Protobuf 5x Faster Than JSON?",
    url  = "https://dzone.com/articles/is-protobuf-5x-faster than-json",
    addendum = "(accessed: 26.03.2019)",
    keywords = "Protobuf,JSON"
}
